@book{hull,
  title={Options, Futures, and Other Derivatives},
  author={Hull, John C},
  year={2009},
}